<?xml version="1.0" encoding="UTF-8"?><record xmlns="http://www.loc.gov/MARC21/slim" xmlns:cinclude="http://apache.org/cocoon/include/1.0" xmlns:zs="http://www.loc.gov/zing/srw/">
  <leader>00728cz  a2200181n  4500</leader>
  <controlfield tag="001">nb 98053521 </controlfield>
  <controlfield tag="003">DLC</controlfield>
  <controlfield tag="005">19980717051643.5</controlfield>
  <controlfield tag="008">980630n| acannaab|          |a aaa     c</controlfield>
  <datafield tag="010" ind1=" " ind2=" ">
    <subfield code="a">nb 98053521 </subfield>
  </datafield>
  <datafield tag="040" ind1=" " ind2=" ">
    <subfield code="a">Uk</subfield>
    <subfield code="c">Uk</subfield>
    <subfield code="d">Uk</subfield>
  </datafield>
  <datafield tag="100" ind1="1" ind2="0">
    <subfield code="a">Ritchie, Karen,</subfield>
    <subfield code="d">1951-</subfield>
  </datafield>
  <datafield tag="400" ind1="1" ind2="0">
    <subfield code="a">Ritchie, Karen-Anne,</subfield>
    <subfield code="d">1951-</subfield>
  </datafield>
  <datafield tag="400" ind1="1" ind2="0">
    <subfield code="a">Ritchie, K.</subfield>
    <subfield code="q">(Karen),</subfield>
    <subfield code="d">1951-</subfield>
  </datafield>
  <datafield tag="670" ind1=" " ind2=" ">
    <subfield code="a">La démence sénile in France, 1997:</subfield>
    <subfield code="b">t.p. (Karen Ritchie) pref. (Karen Ritchie, Équipe "Vieillisement cognitif", INSERM, Montpellier) BL AL sent 5 June 1998</subfield>
  </datafield>
  <datafield tag="670" ind1=" " ind2=" ">
    <subfield code="a">BL AL recd. 30 June 1998</subfield>
    <subfield code="b">(Karen Anne Ritchie, born 10 Aug. 1951)</subfield>
  </datafield>
  <datafield tag="670" ind1=" " ind2=" ">
    <subfield code="a">Questionnaires in medicine, 1975:</subfield>
    <subfield code="b">t.p. (K. Ritchie)</subfield>
  </datafield>
  <datafield tag="670" ind1=" " ind2=" ">
    <subfield code="a">BL H&amp;SS, 3 July 1998</subfield>
    <subfield code="b">(hdg.: Ritchie, Karen-Anne)</subfield>
  </datafield>
</record>